@article{1,
	title={Smart radio environments empowered by reconfigurable AI meta-surfaces: An idea whose time has come},
	author={M. D. Renzo, M. Debbah, D.-T. Phan-Huy, A. Zappone, M.-S.
Alouini, C. Yuen, V. Sciancalepore, G. C. Alexandropoulos, J. Hoydis,
H. Gacanin et al.},
	journal={Journal on Wireless Communications and Networking, vol. 2019, no. 1,
pp. 1–20},
	year={2019}
}

@article{2,
	title={Towards smart and reconfigurable environment:
Intelligent reflecting surface aided wireless network},
	author={Q. Wu and R. Zhang},
	journal={IEEE Communications Magazine, vol. 58, no. 1, pp. 106–112},
	year={2019}
}

@article{3,
	title={Intelligent Reflecting Surface Aided Wireless
	Communications: A Tutorial},
	author={Qingqing Wu, Shuowen Zhang, Beixiong Zheng, Changsheng You,
	and Rui Zhang},
	journal={arXiv:2007.02759v2},
	year={7 Jul 2020}
}

@article{4,
	title={Performance Analysis of Intelligent Reflective
	Surfaces for Wireless Communication},
	author={Dhanushka Kudathanthirige, Dulaj Gunasinghe and Gayan Amarasuriya},
	journal={arXiv:2002.05603v1},
	year={13 Feb 2020}
}

@article{5,
	title={Physics-based Modeling and Scalable Optimization
	of Large Intelligent Reflecting Surfaces},
	author={Marzieh Najafi, Student Member, IEEE, Vahid Jamali, Member, IEEE,
	Robert Schober, Fellow, IEEE, and H. Vincent Poor, Fellow, IEEE},
	journal={IEEE},
	year={2020}
}

@article{6,
title={Secrecy Rate Analysis of STAR-RIS in Presence of
Energy Harvesting Eavesdroppers},
author={Mohammad Reza Kavianinia and Mohammad Javad Emadi},
journal={arXiv:2209.12105v2},
year={2022}
}

@article{7,
title={High-Speed Trains Access Connectivity Through
RIS-Assisted FSO Communications},
author={Pouya Agheli, Hamzeh Beyranvand, and Mohammad Javad Emadi},
journal={arXiv:2110.12804},
year={2021}
}

@article{8,
title={Cooperative Double-IRS Aided Communication:
Beamforming Design and Power Scaling},
author={Yitao Han, Student Member, IEEE, Shuowen Zhang, Member, IEEE,
Lingjie Duan, Senior Member, IEEE, and Rui Zhang, Fellow, IEEE},
journal={arXiv:2004.01846v1},
year={2020}
}

@article{9,
title={Wireless Communication via Double IRS: Channel Estimation
and Passive Beamforming Designs},
author={Changsheng You, Member, IEEE, Beixiong Zheng, Member, IEEE, and Rui Zhang, Fellow, IEEE},
journal={arXiv:2008.11439v1},
year={2020}
}

@article{10,
title={Cooperative beamforming for a double-IRSassisted wireless communication system},
author={Guodong Tian and Rongfang Song},
journal={EURASIP Journal on Advances
in Signal Processing},
year={2021}
}

@article{11,
title={Double-IRS Assisted Multi-User MIMO:
Cooperative Passive Beamforming Design},
author={Beixiong Zheng, Member, IEEE, Changsheng You, Member, IEEE,
and Rui Zhang, Fellow, IEEE},
journal={arXiv:2008.13701},
year={2021}
}

@article{12,
title={Fractional Programming for Communication
Systems—Part I: Power Control and Beamforming},
author={Kaiming Shen, Student Member, IEEE, and Wei Yu, Fellow, IEEE},
journal={IEEE},
year={2017}
}

@article{13,
title={Weighted Sum-Rate Optimization for Intelligent
Reflecting Surface Enhanced Wireless Networks},
author={Huayan Guo, Member, IEEE, Ying-Chang Liang, Fellow, IEEE,
Jie Chen, Student Member, IEEE, and Erik G. Larsson, Fellow, IEEE},
journal={arXiv:1905.07920},
year={2019}
}

@article{14,
title={Weighted Sum-Rate Maximization for Multi-IRS
Aided Cooperative Transmission},
author={Zhengfeng Li, Meng Hua, Qingxia Wang, Qingheng Song},
journal={arXiv:2002.04900},
year={2020}
}

@article{15,
title={A Low-Complexity Algorithmic Framework for
Large-Scale IRS-Assisted Wireless Systems},
author={Yifan Ma
, Yifei Shen
, Xianghao Yu
, Jun Zhang
, S.H. Song, and Khaled B. Letaief},
journal={arXiv:2008.00769},
year={2020}
}